<?xml version="1.0" encoding="UTF-8"?>
<marc:collection xmlns:marc="http://www.loc.gov/MARC21/slim" xmlns:xsi="http://www.w3.org/2001/XMLSchema-instance" xsi:schemaLocation="http://www.loc.gov/MARC21/slim http://www.loc.gov/standards/marcxml/schema/MARC21slim.xsd">
   <marc:record type="Bibliographic">
      <marc:leader>01775cam a2200385 a 4500</marc:leader>
      <marc:controlfield tag="001">568657</marc:controlfield>
      <marc:controlfield tag="003">NjP</marc:controlfield>
      <marc:controlfield tag="005">20140429133703.0</marc:controlfield>
      <marc:controlfield tag="008">900307s1872    tu            000 0 ara d</marc:controlfield>
      <marc:datafield tag="035" ind1=" " ind2=" ">
         <marc:subfield code="a">(OCoLC)ocn175624183</marc:subfield>
      </marc:datafield>
      <marc:datafield tag="035" ind1=" " ind2=" ">
         <marc:subfield code="a">(OCoLC)28544050</marc:subfield>
      </marc:datafield>
      <marc:datafield tag="040" ind1=" " ind2=" ">
         <marc:subfield code="a">NjP</marc:subfield>
         <marc:subfield code="c">PUL</marc:subfield>
         <marc:subfield code="d">PUL</marc:subfield>
      </marc:datafield>
      <marc:datafield tag="035" ind1=" " ind2=" ">
         <marc:subfield code="a">(OCoLC)175624183</marc:subfield>
      </marc:datafield>
      <marc:datafield tag="035" ind1=" " ind2=" ">
         <marc:subfield code="a">(CStRLIN)NJPG90-B10831</marc:subfield>
      </marc:datafield>
      <marc:datafield tag="035" ind1=" " ind2=" ">
         <marc:subfield code="9">ACQ4653TS</marc:subfield>
      </marc:datafield>
      <marc:datafield tag="035" ind1=" " ind2=" ">
         <marc:subfield code="a">(NjP)568657</marc:subfield>
      </marc:datafield>
      <marc:datafield tag="079" ind1=" " ind2=" ">
         <marc:subfield code="a">ocm28544050</marc:subfield>
      </marc:datafield>
      <marc:datafield tag="049" ind1=" " ind2=" ">
         <marc:subfield code="a">PULL</marc:subfield>
      </marc:datafield>
      <marc:datafield tag="100" ind1="1" ind2=" ">
         <marc:subfield code="6">880-01</marc:subfield>
         <marc:subfield code="a">Muṣannifak, Bakr ibn Aḥmad al-Muntashawī.</marc:subfield>
      </marc:datafield>
      <marc:datafield tag="245" ind1="1" ind2="0">
         <marc:subfield code="6">880-02</marc:subfield>
         <marc:subfield code="a">Sharḥ ʻAlāqah /</marc:subfield>
         <marc:subfield code="c">li-Muṣannifak.  Shamsīyah / [Najm al-Dīn ʻAlī ibn ʻUmar al-Kātibī].</marc:subfield>
      </marc:datafield>
      <marc:datafield tag="260" ind1=" " ind2=" ">
         <marc:subfield code="6">880-03</marc:subfield>
         <marc:subfield code="a">[Istanbul :</marc:subfield>
         <marc:subfield code="b">s.n.] ;</marc:subfield>
         <marc:subfield code="c">1289 [1872 or 1873]</marc:subfield>
         <marc:subfield code="e">([Istanbul] :</marc:subfield>
         <marc:subfield code="f">al-Maṭbaʻah al-ʻĀmirah).</marc:subfield>
      </marc:datafield>
      <marc:datafield tag="300" ind1=" " ind2=" ">
         <marc:subfield code="a">45, 32 p. ;</marc:subfield>
         <marc:subfield code="c">23 cm.</marc:subfield>
      </marc:datafield>
      <marc:datafield tag="650" ind1=" " ind2="0">
         <marc:subfield code="a">Arabic language</marc:subfield>
         <marc:subfield code="x">Rhetoric.</marc:subfield>
      </marc:datafield>
      <marc:datafield tag="650" ind1=" " ind2="0">
         <marc:subfield code="a">Logic, Medieval.</marc:subfield>
      </marc:datafield>
      <marc:datafield tag="600" ind1="1" ind2="0">
         <marc:subfield code="6">880-04</marc:subfield>
         <marc:subfield code="a">Anṭākī, Maḥmūd.</marc:subfield>
         <marc:subfield code="t">ʻAlāqah.</marc:subfield>
      </marc:datafield>
      <marc:datafield tag="700" ind1="1" ind2="2">
         <marc:subfield code="6">880-05</marc:subfield>
         <marc:subfield code="a">Qazwīnī, ʻAlī ibn ʻUmar,</marc:subfield>
         <marc:subfield code="d">1203 or 4-1276 or 7.</marc:subfield>
         <marc:subfield code="t">Risālah al-shamsīyah fī al-qawāʻid al-manṭiqīyah.</marc:subfield>
         <marc:subfield code="f">1872.</marc:subfield>
      </marc:datafield>
      <marc:datafield tag="880" ind1="1" ind2=" ">
         <marc:subfield code="6">100-01/r</marc:subfield>
         <marc:subfield code="a">مصنفك، بكر بن احمد المنتشوي.</marc:subfield>
      </marc:datafield>
      <marc:datafield tag="880" ind1="1" ind2="0">
         <marc:subfield code="6">245-02/r</marc:subfield>
         <marc:subfield code="a">شرح علاقة /</marc:subfield>
         <marc:subfield code="c">لمصنفك.  شمسية / [نجم الدين علي بن عمر الكاتبي].</marc:subfield>
      </marc:datafield>
      <marc:datafield tag="880" ind1=" " ind2=" ">
         <marc:subfield code="6">260-03/r</marc:subfield>
         <marc:subfield code="a">[Istanbul  :</marc:subfield>
         <marc:subfield code="b">s.n.] ؛</marc:subfield>
         <marc:subfield code="c">1289 [1872 or 1873]</marc:subfield>
         <marc:subfield code="e">([Istanbul] :</marc:subfield>
         <marc:subfield code="f">المطبعة العامرة).</marc:subfield>
      </marc:datafield>
      <marc:datafield tag="880" ind1="1" ind2="0">
         <marc:subfield code="6">600-04/r</marc:subfield>
         <marc:subfield code="a">انطاكي، محمود.</marc:subfield>
         <marc:subfield code="t">علاقة.</marc:subfield>
      </marc:datafield>
      <marc:datafield tag="880" ind1="1" ind2="2">
         <marc:subfield code="6">700-05/r</marc:subfield>
         <marc:subfield code="a">قزويني، علي بن عمر،</marc:subfield>
         <marc:subfield code="d">1203 or 4-1276 or 7.</marc:subfield>
         <marc:subfield code="t">رسالة الشمسية في القواعد المنطقية.</marc:subfield>
         <marc:subfield code="f">1872.</marc:subfield>
      </marc:datafield>
      <marc:datafield tag="998" ind1=" " ind2=" ">
         <marc:subfield code="a">07/13/93</marc:subfield>
         <marc:subfield code="s">9114</marc:subfield>
         <marc:subfield code="n">NjP</marc:subfield>
         <marc:subfield code="w">NJPG90B10831</marc:subfield>
         <marc:subfield code="d">03/07/90</marc:subfield>
         <marc:subfield code="c">SVS</marc:subfield>
         <marc:subfield code="b">CDD</marc:subfield>
         <marc:subfield code="i">930713</marc:subfield>
         <marc:subfield code="l">NJPG</marc:subfield>
      </marc:datafield>
      <marc:datafield tag="911" ind1=" " ind2=" ">
         <marc:subfield code="a">19930723</marc:subfield>
      </marc:datafield>
      <marc:datafield tag="912" ind1=" " ind2=" ">
         <marc:subfield code="a">19930713000000.0</marc:subfield>
      </marc:datafield>
      <marc:datafield tag="994" ind1=" " ind2=" ">
         <marc:subfield code="a">C0</marc:subfield>
         <marc:subfield code="b">PUL</marc:subfield>
      </marc:datafield>
      <marc:datafield tag="999" ind1=" " ind2=" ">
         <marc:subfield code="a">568657</marc:subfield>
      </marc:datafield>
   </marc:record>
</marc:collection>
